<?xml version="1.0" encoding="UTF-8"?><collection xmlns="http://www.loc.gov/MARC21/slim"><record><leader>00523nam--2200181-i-4500</leader><controlfield tag="001">000006342</controlfield><controlfield tag="002">20161230</controlfield><controlfield tag="005">20161230201026</controlfield><controlfield tag="008">060222s1000------------r-----000-0-eng-d</controlfield><datafield ind1=" " ind2=" " tag="040"><subfield code="a">IFIN-HH</subfield></datafield><datafield ind1=" " ind2=" " tag="080"><subfield code="a">53</subfield></datafield><datafield ind1="1" ind2=" " tag="100"><subfield code="a">Bhacca,N.S</subfield></datafield><datafield ind1="1" ind2="0" tag="245"><subfield code="a">High resolution nmr nuclear magnetic resonance spectra catalog. vol.1</subfield><subfield code="c">N.s. bhacca, l.f. johnson, j.n. shoolery</subfield></datafield><datafield ind1=" " ind2=" " tag="260"><subfield code="a">Palo Alto</subfield><subfield code="b">Varian Associates</subfield><subfield code="c">1962</subfield></datafield><datafield ind1=" " ind2=" " tag="300"><subfield code="a">40P+ PLANSE</subfield></datafield><datafield ind1="1" ind2=" " tag="700"><subfield code="a">Shoolery,J.N</subfield></datafield><datafield ind1=" " ind2=" " tag="852"><subfield code="a">18883</subfield><subfield code="c">53.081</subfield></datafield><datafield ind1=" " ind2=" " tag="CAT"><subfield code="a">Sys</subfield><subfield code="c">20160325</subfield><subfield code="h">104625</subfield></datafield></record></collection>